@inproceedings{guo-gupta-dra,
author    = {Hai-Feng Guo and Gopal Gupta},
title     = {Tabled Logic Programming with Dynamic Ordering of Alternatives},
booktitle = {17th International Conference on Logic Programming},
year      = 2001
}                  

@inproceedings{coinductive,
author    = {Luke Simon and Ajay Mallya and Ajay Bansal and Gopal Gupta},
title     = {Coinductive Logic Programming},
booktitle = {Logic Programming, 22nd International Conference (ICLP 2006),
             Seattle, WA, USA, August 17-20, 2006},
editors   = {Sandro Etalle and Miros{\l}aw Truszczy{\'n}ski},
series    = {Lecture Notes in Computer Science},
volume    = 4079,
publisher = {Springer-Verlag},
address   = {Berlin, Heidelberg},
year      = 2006
}                  

@inproceedings{co-LP,
author    = {Luke Simon and Ajay Bansal and Ajay Mallya and Gopal Gupta},
title     = {Co-Logic Programming},
booktitle = {Proceedings of the 34th International Colloquium on Automata,
             Languages and Programming (ICALP 2007), Wroc{\l}aw, Poland, 
             July 9-13, 2007},
editors   = {Lars Arge and Chistian Cachin and Tomasz Jurdzi{\`n}ski and
             Andrzej Tarlecki},
series    = {Lecture Notes in Computer Science},
volume    = 4596,
publisher = {Springer-Verlag},
address   = {Berlin, Heidelberg},
year      = 2007
}                  
