@inproceedings{guo-gupta-dra,
author    = {Hai-Feng Guo and Gopal Gupta},
title     = {Tabled Logic Programming with Dynamic Ordering of Alternatives},
booktitle = {17th International Conference on Logic Programming},
year      = 2001
}                  
